<?xml version="1.0" encoding="UTF-8"?><record xmlns="http://www.loc.gov/MARC21/slim" xmlns:cinclude="http://apache.org/cocoon/include/1.0" xmlns:zs="http://www.loc.gov/zing/srw/">
  <leader>00499nz  a2200157n  4500</leader>
  <controlfield tag="001">no 97063290 </controlfield>
  <controlfield tag="003">DLC</controlfield>
  <controlfield tag="005">19971029052734.0</controlfield>
  <controlfield tag="008">971028n| acannaab|          |a aaa     c</controlfield>
  <datafield tag="010" ind1=" " ind2=" ">
    <subfield code="a">no 97063290 </subfield>
  </datafield>
  <datafield tag="035" ind1=" " ind2=" ">
    <subfield code="a">(OCoLC)oca04488291 </subfield>
  </datafield>
  <datafield tag="040" ind1=" " ind2=" ">
    <subfield code="a">MdU</subfield>
    <subfield code="c">MdU</subfield>
  </datafield>
  <datafield tag="100" ind1="1" ind2="0">
    <subfield code="a">Richeson, A. W.</subfield>
    <subfield code="q">(Allie Wilson),</subfield>
    <subfield code="d">1897-1966</subfield>
  </datafield>
  <datafield tag="400" ind1="1" ind2="0">
    <subfield code="a">Richeson, Allie Wilson,</subfield>
    <subfield code="d">1897-1966</subfield>
  </datafield>
  <datafield tag="670" ind1=" " ind2=" ">
    <subfield code="a">English land measuring to 1800, 1966:</subfield>
    <subfield code="b">t.p. (A. W. Richeson)</subfield>
  </datafield>
  <datafield tag="670" ind1=" " ind2=" ">
    <subfield code="a">LC PREM file</subfield>
    <subfield code="b">(hdg.: Richeson, Allie Wilson, 1897-1966)</subfield>
  </datafield>
</record>